@article{blei2003latent,
    title={Latent dirichlet allocation},
    author={Blei, David M and Ng, Andrew Y and Jordan, Michael I},
    journal={the Journal of machine Learning research},
    volume={3},
    pages={993--1022},
    year={2003},
    publisher={JMLR. org}
}

@inproceedings{lin2010pet,
  title={PET: a statistical model for popular events tracking in social communities},
  author={Lin, Cindy Xide and Zhao, Bo and Mei, Qiaozhu and Han, Jiawei},
  booktitle={Proceedings of the 16th ACM SIGKDD international conference on Knowledge discovery and data mining},
  pages={929--938},
  year={2010},
  organization={ACM}
}